Untuk setiap referensi, baris pertama (Newton1687) merupakan label dan baris-baris berikutnya
merupakan atribut dari referensi yang akan digunakan. Umumnya, format referensi berikut sudah
disediakan oleh penyedia sumber referensi secara online dan bisa langsung digunakan di sini.

Lihat https://www.bibtex.com/g/bibtex-format/ untuk informasi lebih lanjut mengenai format
BibTex yang digunakan pada file ini.

@online{Worldometer, 
    author = {Worldometer},
    title = {World Population Clock},
    year = 2021,
    url = {https://www.worldometers.info/world-population},
    urldate = {31- Oct- 2021}
}

@online{Infoplease, 
    author = {Infoplease},
    title = {Ethnicity and Race by Country},
    year = 2021,
    url = {https://www.infoplease.com/world/social-statistics/ethnicity-and-race-countries},
    urldate = {30- Oct- 2021}
}

@ARTICLE{Granet,
  author={Garain, Avishek and Ray, Biswarup and Singh, Pawan Kumar and Ahmadian, Ali and Senu, Norazak and Sarkar, Ram},
  journal={IEEE Access}, 
  title={GRANet A Deep Learning Model for Classification of Age and Gender From Facial Images}, 
  year={2021},
  volume={9},
  pages={85672-85689},
  doi={10.1109/ACCESS.2021.3085971}
}

@ARTICLE{AgeGender,
  author={A. Abu Nada, E. Alajrami, A. Al-Saqqa and S. Abu-Naser}, 
  title={Age and Gender Prediction and Validation Through Single User Images Using CNN}, 
  year={2021},
  url = {http://dstore.alazhar.edu.ps/xmlui/handle/123456789/632},
  urldate = {06- Dec- 2021}
}

@INPROCEEDINGS{HumanAgeEst,
  author={Guo, Guodong and Mu, Guowang},
  booktitle={2010 IEEE Computer Society Conference on Computer Vision and Pattern Recognition - Workshops}, 
  title={Human age estimation: What is the influence across race and gender?}, 
  year={2010},
  volume={},
  number={},
  pages={71-78},
  doi={10.1109/CVPRW.2010.5543609}
}

@article{aa,
  author={Garain},
  journal={GRA_Net A Deep Learning Model for Classification of Age and Gender From Facial Images},
  title={Axioms or Laws of Motion},
  year={1687}}

@misc{SpaceXBlueprint,
  title={Space X Blueprint},
  year=2021,
  url={https://id.pinterest.com/pin/344032859037191430/},
  urldate={2021-01-26}}

@misc{roketluarangkasa,
  title   = {Roket Luar Angkasa Discovery},
  year    = 2021,
  url     = {https://airandspace.si.edu/explore-and-learn/topics/discovery/about.cfm},
  urldate = {2021-02-03}}